@misc{ wiki:SORT,
   author = "Wikipedia contributors",
   title = "Algoritmos de ordenamiento --- {W}ikipedia{,} The Free Encyclopedia",
   year = "2004",
   url = "https://es.wikipedia.org/wiki/Algoritmo_de_ordenamiento",
   note = "[Online; accessed 26-Feb-2018]"
 }
 
@misc{ wiki:Burbu,
   author = "Wikipedia contributors",
   title = "Ordenamiento de burbuja --- {W}ikipedia{,} The Free Encyclopedia",
   year = "2005",
   url = "https://es.wikipedia.org/wiki/Ordenamiento_de_burbuja",
   note = "[Online; accessed 26-Feb-2018]"
 }
 

@misc{ wiki:Select,
   author = "Wikipedia contributors",
   title = "Ordenamiento por selecci√≥n --- {W}ikipedia{,} The Free Encyclopedia",
   year = "2004",
   url = "https://es.wikipedia.org/wiki/Ordenamiento_por_selecci%C3%B3n",
   note = "[Online; accessed 26-Feb-2018]"
 }
